@book{di2014problem,
  title={Problem Solving Tactics: Lessons from the Australian Mathematical Olympiad Committee Training Program},
  author={Di Pasquale, A. and Do, N. and Mathews, D. and Australian Mathematics Trust},
  isbn={9781876420758},
  series={Australian Mathematics Trust enrichment series},
  url={https://books.google.co.uk/books?id=E7ESjwEACAAJ},
  year={2014},
  publisher={AMT Publishing}
}
